<collection xmlns="http://www.loc.gov/MARC21/slim">
   <record>
      <leader>02612cam a2200313   45 0</leader>
      <controlfield tag="001">6706711</controlfield>
      <controlfield tag="003">OCoLC</controlfield>
      <controlfield tag="005">20141010170559.0</controlfield>
      <controlfield tag="008">140616q2015    flua          000 0 eng d</controlfield>
      <datafield ind1=" " ind2=" " tag="020">
         <subfield code="a">1482210606</subfield>
      </datafield>
      <datafield ind1=" " ind2=" " tag="020">
         <subfield code="a">9781482210606</subfield>
      </datafield>
      <datafield ind1=" " ind2=" " tag="040">
         <subfield code="a">YDXCP</subfield>
         <subfield code="b">eng</subfield>
         <subfield code="c">YDXCP</subfield>
         <subfield code="d">OCLCQ</subfield>
         <subfield code="d">BTCTA</subfield>
         <subfield code="d">BDX</subfield>
         <subfield code="d">AOAC</subfield>
      </datafield>
      <datafield ind1="_" ind2="4" tag="050">
         <subfield code="a">SB951.5</subfield>
      </datafield>
      <datafield ind1=" " ind2=" " tag="090">
         <subfield code="a">SB 951.5 Y8 2015</subfield>
         <subfield code="b">AOAC</subfield>
      </datafield>
      <datafield ind1="1" ind2=" " tag="100">
         <subfield code="a">Yu, Simon J.</subfield>
         <subfield code="0">http://id.loc.gov/authorities/names/n2008001287</subfield>
         <subfield code="0">http://viaf.org/viaf/29860025</subfield>
      </datafield>
      <datafield ind1="0" ind2="0" tag="245">
         <subfield code="a">Toxicology and biochemistry of insecticides /</subfield>
         <subfield code="c">Simon J. Yu.</subfield>
      </datafield>
      <datafield ind1=" " ind2=" " tag="250">
         <subfield code="a">Second edition.</subfield>
      </datafield>
      <datafield ind1=" " ind2=" " tag="260">
         <subfield code="a">Boca Raton :</subfield>
         <subfield code="b">Crc Press,</subfield>
         <subfield code="c">2015.</subfield>
      </datafield>
      <datafield ind1=" " ind2=" " tag="300">
         <subfield code="a">xvii, 358 pages :</subfield>
         <subfield code="b">illustrations ;</subfield>
         <subfield code="c">26 cm.</subfield>
      </datafield>
      <datafield ind1=" " ind2=" " tag="500">
         <subfield code="a">CRC Press is an imprint of the Taylor &amp; Francis Group.</subfield>
      </datafield>
      <datafield ind1=" " ind2=" " tag="504">
         <subfield code="a">Includes bibliographical references and index.</subfield>
      </datafield>
      <datafield ind1=" " ind2=" " tag="520">
         <subfield code="a">Despite their potentially adverse effects on nontarget species and the environment, insecticides remain a necessity in crop protection as well as in the reduction of insect-borne diseases. The Toxicology and Biochemistry of Insecticides provides essential insecticide knowledge required for the effective management of insect pests. Continuing as the sole book in more than two decades to address this multifaceted field, the Second Edition of this highly praised review on insecticide toxicology has been greatly expanded and updated to present the most current information on: Systemic classification of insecticides (Chapter 4) How insecticides function at the molecular level and newly discovered modes of action (Chapter 7) Insecticide resistance, molecular mechanisms, fitness costs, reversion, and management of resistance (Chapter 10) Various bioassay methods including the interpretation of probit analysis (Chapter 5) Molecular mechanisms of insecticide selectivity (Chapter 9) Major biochemical mechanisms involved in the transformation of insecticides (Chapter 8) Fate of insecticides in the environment and the sublethal effects of insecticides on wildlife (Chapter 11) Newly developed insecticides, including the addition of more microbial insecticides in keeping with current integrated pest management (IPM) approaches (Chapter 4) Incorporating extensive reference lists for further reading.</subfield>
      </datafield>
      <datafield ind1="0" ind2=" " tag="650">
         <subfield code="a">Insecticides</subfield>
         <subfield code="v">Textbooks.</subfield>
      </datafield>
      <datafield ind1="0" ind2=" " tag="650">
         <subfield code="a">Insecticides</subfield>
         <subfield code="x">Toxicology</subfield>
         <subfield code="v">Textbooks.</subfield>
      </datafield>
      <datafield ind1="0" ind2=" " tag="650">
         <subfield code="a">Insecticides</subfield>
         <subfield code="x">Physiological effect</subfield>
         <subfield code="v">Textbooks.</subfield>
      </datafield>
      <datafield ind1=" " ind2=" " tag="596">
         <subfield code="a">33</subfield>
      </datafield>
      <datafield ind1=" " ind2=" " tag="758">
         <subfield code="0">http://worldcat.org/entity/work/id/35409236</subfield>
      </datafield>
      <datafield ind1="0" ind2=" " tag="787">
         <subfield code="n">OCLC Work Id</subfield>
         <subfield code="o">http://worldcat.org/entity/work/id/35409236</subfield>
      </datafield>
      <datafield ind1=" " ind2=" " tag="926">
         <subfield code="a">SB 951.5 Y8 2015</subfield>
         <subfield code="w">LC</subfield>
         <subfield code="c">1</subfield>
         <subfield code="i">0164000767768</subfield>
         <subfield code="l">ON_SHELF</subfield>
         <subfield code="m">OLDS</subfield>
         <subfield code="r">Y</subfield>
         <subfield code="s">Y</subfield>
         <subfield code="t">BOOK</subfield>
         <subfield code="u">10/10/2014</subfield>
      </datafield>
   </record>
</collection>
